<?xml version="1.0" encoding="UTF-8"?><collection xmlns="http://www.loc.gov/MARC21/slim"><record><leader>00364nam--2200145-i-4500</leader><controlfield tag="001">000012399</controlfield><controlfield tag="002">20161230</controlfield><controlfield tag="005">20161230201029</controlfield><controlfield tag="008">060222s1000------------r-----000-0-eng-d</controlfield><datafield ind1=" " ind2=" " tag="080"><subfield code="a">547.(082.L):547.2</subfield></datafield><datafield ind1=" " ind2=" " tag="245"><subfield code="a">Aliphatic compounds</subfield></datafield><datafield ind1=" " ind2=" " tag="260"><subfield code="a">London , Butterworths,1975.4oo P</subfield></datafield><datafield ind1=" " ind2=" " tag="490"><subfield code="a">Organic Chemistry Series Two</subfield></datafield><datafield ind1=" " ind2=" " tag="700"><subfield code="a">Chapman, N.D</subfield></datafield><datafield ind1=" " ind2=" " tag="852"><subfield code="a">46957</subfield></datafield></record></collection>